<?xml version="1.0" encoding="UTF-8"?><collection xmlns="http://www.loc.gov/MARC21/slim"><record><leader>00429nam--2200121-i-4500</leader><controlfield tag="001">000042712</controlfield><controlfield tag="002">20161230</controlfield><controlfield tag="005">20161230201043</controlfield><controlfield tag="008">060222s1000------------r-----000-0-eng-d</controlfield><datafield ind1=" " ind2=" " tag="080"><subfield code="a">621.18.002.5.001.12(094)</subfield></datafield><datafield ind1=" " ind2=" " tag="245"><subfield code="a">Prescriptii tehnice privind proiectarea si executia instalatiilor de automatizare care echipeaza cazanele de abur si a cazanelor de apa fierbinte. c 38-76</subfield></datafield><datafield ind1=" " ind2=" " tag="260"><subfield code="a">Bucuresti, Ed.Tehnica, 1977, 39p</subfield></datafield><datafield ind1=" " ind2=" " tag="852"><subfield code="a">46</subfield></datafield></record></collection>